
@article{srBarrientos,
	title={Veh{\'\i}culos a{\'e}reos no tripulados para uso civil. Tecnolog{\'\i}a y aplicaciones},
	author={Barrientos, A and del Cerro, J and Guti{\'e}rrez, P and San Mart{\'\i}n, R and Mart{\'\i}nez, A and Rossi, C},
	journal={Universidad polit{\'e}cnica de Madrid, Madrid},
	year={2007}
}

@inproceedings{Anqi,
	title={Optimal complete terrain coverage using an unmanned aerial vehicle},
	author={Xu, Anqi and Viriyasuthee, Chatavut and Rekleitis, Ioannis},
	booktitle={Robotics and Automation (ICRA), 2011 IEEE International Conference on},
	pages={2513--2519},
	year={2011},
	organization={IEEE}
}

@inproceedings{araujo,
	title={Multiple UAV area decomposition and coverage},
	author={Araujo, JF and Sujit, PB and Sousa, Jo{\~a}o B},
	booktitle={2013 IEEE Symposium on Computational Intelligence for Security and Defense Applications (CISDA)},
	pages={30--37},
	year={2013},
	organization={IEEE}
}
@article{DiFranco,
	title={Coverage Path Planning for UAVs Photogrammetry with Energy and Resolution Constraints},
	author={Di Franco, Carmelo and Buttazzo, Giorgio},
	journal={Journal of Intelligent \& Robotic Systems},
	pages={1--18},
	year={2016},
	publisher={Springer}
}

@inproceedings{Richards,
title={Coordination and control of multiple UAVs},
author={Richards, Arthur and Bellingham, John and Tillerson, Michael and How, Jonathan},
booktitle={AIAA guidance, navigation, and control conference, Monterey, CA},
year={2002}
}
@article{Laliberte,
	title={Acquisition, orthorectification, and object-based classification of unmanned aerial vehicle (UAV) imagery for rangeland monitoring},
	author={Laliberte, Andrea S and Herrick, Jeffrey E and Rango, Albert and Winters, Craig},
	journal={Photogrammetric Engineering \& Remote Sensing},
	volume={76},
	number={6},
	pages={661--672},
	year={2010},
	publisher={American Society for Photogrammetry and Remote Sensing}
}

@article{lopez,
	title={Uso de Veh{\'\i}culos A{\'e}reos No Tripulados (UAV) para la evaluaci{\'o}n de la producci{\'o}n agraria},
	author={L{\'o}pez-Granados, Francisca},
	journal={Revista Ambienta},
	volume={105},
	pages={40--52},
	year={2013}
}

@article{garcia,
	title={Estudio de {\'\i}ndices de vegetaci{\'o}n a partir de im{\'a}genes a{\'e}reas tomadas desde UAS/RPAS y aplicaciones de {\'e}stos a la agricultura de precisi{\'o}n.},
	author={Garc{\'\i}a-Cervig{\'o}n, D{\'\i}az and Jos{\'e}, Juan},
	year={2015}
}

@InProceedings{vasquezji,
	author =    {Vasquez-Gomez, Juan Irving and Gomez-Castaneda, Cecilia and Herrera-Lozada, Juan Carlos and {Munoz de Cote}, Enrique},
	title =     {Multirotor UAV Coverage Planning under Wind Conditions},
	booktitle = {The International Conference on Mechatronics, Electronics and Automotive Engineering (<FONT COLOR="8904B1">ICMEAE</FONT>)},
	year =      {2016},
	keywords =  {situational awareness, UAVs}
}

@inproceedings{hernandez2017,
	title={AUV online mission replanning for gap filling and target inspection},
	author={Hern{\'a}ndez, Juan David and Vidal, Eduard and Greer, Jennifer and Fiasco, Romain and Jaussaud, Patrick and Carreras, Marc and Garc{\'\i}a, Rafael},
	booktitle={OCEANS 2017-Aberdeen},
	pages={1--4},
	year={2017},
	organization={IEEE}
}

@phdthesis{jimenez2011,
	title={Dise{\~n}o e implementaci{\'o}n de un sistema embebido para la adquisici{\'o}n y transmisi{\'o}n de se{\~n}ales biom{\'e}dicas a trav{\'e}s de la red celular},
	author={Jim{\'e}nez, Rosas and Felipe, Nelson and others},
	year={2011},
	school={Universidad Nacional de Colombia}
}

@article{hernandez2016,
	title={Aplicaci{\'o}n de redes neuronales para la identificaci{\'o}n de objetos en tiempo real en im{\'a}genes tomadas por un quadrotor.},
	author={Hern{\'a}ndez Hern{\'a}ndez, Gerardo},
	year={2016}
}

@article{gramajo2017,
	title={An Efficient Energy Constraint Based UAV Path Planning for Search and Coverage},
	author={Gramajo, German and Shankar, Praveen},
	journal={International Journal of Aerospace Engineering},
	volume={2017},
	year={2017},
	publisher={Hindawi Publishing Corporation}
}

@incollection{carvalho2017s,
	title={Autonomous UAV Outdoor Flight Controlled by an Embedded System Using Odroid and ROS},
	author={Carvalho, Jo{\~a}o Pedro and Juc{\'a}, Marco Aur{\'e}lio and Menezes, Alexandre and Olivi, Leonardo Rocha and Marcato, Andr{\'e} Luis Marques and dos Santos, Alexandre Bessa},
	booktitle={CONTROLO 2016},
	pages={423--437},
	year={2017},
	publisher={Springer}
}

@article{di2016,
	title={Coverage path planning for uavs photogrammetry with energy and resolution constraints},
	author={Di Franco, Carmelo and Buttazzo, Giorgio},
	journal={Journal of Intelligent \& Robotic Systems},
	volume={83},
	number={3-4},
	pages={445--462},
	year={2016},
	publisher={Springer}
}

@misc{ASH:2013:Online,
	author = {Varios autores},
	title = {Convolutional Neural Networks (CNNs / ConvNets)},
	year = {2015},
	howpublished = "url{http://cs231n.github.io/convolutional-networks/}",
	urldate = {22-10-2015}
}

@mastersthesis{bochkarev2017,
	title={Minimizing Turns in Single and Multi Robot Coverage Path Planning},
	author={Bochkarev, Stanislav},
	year={2017},
	school={University of Waterloo}
}

@article{torres2016,
	title={Coverage path planning with unmanned aerial vehicles for 3D terrain reconstruction},
	author={Torres, Marina and Pelta, David A and Verdegay, Jos{\'e} L and Torres, Juan C},
	journal={Expert Systems with Applications},
	volume={55},
	pages={441--451},
	year={2016},
	publisher={Elsevier}
}

@phdthesis{pereira2014,
	title={Aerial Coverage Path Planning applied to Mapping},
	author={Pereira Valente, Joao Ricardo},
	year={2014},
	school={Industriales}
}

@article{shamos1978,
	title={Computational geometry.},
	author={Shamos, Michael Ian},
	year={1978},
	publisher={Yale University}
}

@inproceedings{gomez2017,
	title={Optimal Coverage Path Planning Based on the Rotating Calipers Algorithm},
	author={Gomez, Juan Irving Vasquez and Melchor, Magdalena Marciano and Lozada, Juan Carlos Herrera},
	booktitle={Mechatronics, Electronics and Automotive Engineering (ICMEAE), 2017 International Conference on},
	pages={140--144},
	year={2017},
	organization={IEEE}
}